@online{python_sorting,
  title = {Sorting HOW TO — Documentación de Python},
  author = {{Python Software Foundation}},
  year = {2025},
  url = {https://docs.python.org/es/3.13/howto/sorting.html},
  urldate = {2025-04-12}
}

@inproceedings{Auger2018,
  author    = {Nicolas Auger and Vincent Juge and Cyril Nicaud and Carine Pivoteau},
  title     = {On the Worst-Case Complexity of TimSort},
  booktitle = {Proceedings of the 26th Annual European Symposium on Algorithms (ESA 2018)},
  series    = {LIPIcs},
  volume    = {112},
  pages     = {4:1--4:12},
  publisher = {Schloss Dagstuhl--Leibniz-Zentrum f{\"u}r Informatik},
  year      = {2018},
  url       = {https://drops.dagstuhl.de/storage/00lipics/lipics-vol112-esa2018/LIPIcs.ESA.2018.4/LIPIcs.ESA.2018.4.pdf},
  doi       = {10.4230/LIPIcs.ESA.2018.4},
  urldate   = {2024-07-20}
}

@book{Cormen2009,
  author    = {Thomas H. Cormen and Charles E. Leiserson and Ronald L. Rivest and Clifford Stein},
  title     = {Introduction to Algorithms},
  edition   = {3rd},
  publisher = {MIT Press},
  year      = {2009},
  address   = {Cambridge, MA},
  isbn      = {978-0-262-03384-8}
}
@misc{chatgpt2025,
  author       = {OpenAI},
  title        = {ChatGPT: Modelo de lenguaje de gran escala de OpenAI},
  year         = {2025},
  howpublished = {\url{https://chat.openai.com}},
  note         = {Consultado en de abril de 2025}
}

@misc{DeepSeek2025,
  author = {{DeepSeek}},
  title  = {DeepSeek Chat [Modelo de lenguaje de gran escala]},
  year   = {2025},
  url    = {https://www.deepseek.com},
  note   = {Consultado en de abril de 2025}
}